@article{arnborg1987complexity,
  title={Complexity of finding embeddings in ak-tree},
  author={Arnborg, Stefan and Corneil, Derek G and Proskurowski, Andrzej},
  journal={SIAM Journal on Algebraic Discrete Methods},
  volume={8},
  number={2},
  pages={277--284},
  year={1987},
  publisher={SIAM}
}

@inproceedings{DBLP:conf/ictai/BergJ14,
  author    = {Jeremias Berg and
               Matti J{\"{a}}rvisalo},
  title     = {SAT-Based Approaches to Treewidth Computation: An Evaluation},
  booktitle = {26th {IEEE} International Conference on Tools with Artificial Intelligence,
               {ICTAI} 2014, Limassol, Cyprus, November 10-12, 2014},
  pages     = {328--335},
  year      = {2014},
  crossref  = {DBLP:conf/ictai/2014},
  url       = {https://doi.org/10.1109/ICTAI.2014.57},
  doi       = {10.1109/ICTAI.2014.57},
  timestamp = {Thu, 15 Jun 2017 21:44:45 +0200},
  biburl    = {http://dblp.uni-trier.de/rec/bib/conf/ictai/BergJ14},
  bibsource = {dblp computer science bibliography, http://dblp.org}
}

@inproceedings{samer2009encoding,
  title={Encoding treewidth into SAT},
  author={Samer, Marko and Veith, Helmut},
  booktitle={International Conference on Theory and Applications of Satisfiability Testing},
  pages={45--50},
  year={2009},
  organization={Springer}
}

@book{DBLP:books/daglib/0000773,
  author    = {Michael Huth and
               Mark Dermot Ryan},
  title     = {Logic in computer science - modelling and reasoning about systems},
  publisher = {Cambridge University Press},
  year      = {2000},
  isbn      = {978-0-521-65602-3},
  timestamp = {Fri, 08 Apr 2011 07:45:33 +0200},
  biburl    = {http://dblp.org/rec/bib/books/daglib/0000773},
  bibsource = {dblp computer science bibliography, http://dblp.org}
}

@proceedings{DBLP:conf/stoc/STOC3,
  editor    = {Michael A. Harrison and
               Ranan B. Banerji and
               Jeffrey D. Ullman},
  title     = {Proceedings of the 3rd Annual {ACM} Symposium on Theory of Computing,
               May 3-5, 1971, Shaker Heights, Ohio, {USA}},
  publisher = {{ACM}},
  year      = {1971},
  timestamp = {Mon, 17 Oct 2011 15:55:10 +0200},
  biburl    = {http://dblp.org/rec/bib/conf/stoc/STOC3},
  bibsource = {dblp computer science bibliography, http://dblp.org}
}

@book{sipser2012introduction,
  title={Introduction to the Theory of Computation},
  author={Sipser, Michael},
  year={2012},
  publisher={Cengage Learning}
}

@article{garey1976some,
  title={Some simplified NP-complete graph problems},
  author={Garey, Michael R and Johnson, David S. and Stockmeyer, Larry},
  journal={Theoretical computer science},
  volume={1},
  number={3},
  pages={237--267},
  year={1976},
  publisher={Elsevier}
}

@inproceedings{DBLP:conf/aaai/ChaIKM97,
  author    = {Byungki Cha and
               Kazuo Iwama and
               Yahiko Kambayashi and
               Shuichi Miyazaki},
  title     = {Local Search Algorithms for Partial {MAXSAT}},
  booktitle = {Proceedings of the Fourteenth National Conference on Artificial Intelligence
               and Ninth Innovative Applications of Artificial Intelligence Conference,
               {AAAI} 97, {IAAI} 97, July 27-31, 1997, Providence, Rhode Island.},
  pages     = {263--268},
  year      = {1997},
  crossref  = {DBLP:conf/aaai/1997},
  url       = {http://www.aaai.org/Library/AAAI/1997/aaai97-041.php},
  timestamp = {Tue, 11 Dec 2012 12:57:21 +0100},
  biburl    = {http://dblp.org/rec/bib/conf/aaai/ChaIKM97},
  bibsource = {dblp computer science bibliography, http://dblp.org}
}

%cross reference from chaikm97
@proceedings{DBLP:conf/aaai/1997,
  editor    = {Benjamin Kuipers and
               Bonnie L. Webber},
  title     = {Proceedings of the Fourteenth National Conference on Artificial Intelligence
               and Ninth Innovative Applications of Artificial Intelligence Conference,
               {AAAI} 97, {IAAI} 97, July 27-31, 1997, Providence, Rhode Island},
  publisher = {{AAAI} Press / The {MIT} Press},
  year      = {1997},
  url       = {http://www.aaai.org/Conferences/AAAI/aaai97.php},
  isbn      = {0-262-51095-2},
  timestamp = {Thu, 01 Dec 2011 17:16:20 +0100},
  biburl    = {http://dblp.org/rec/bib/conf/aaai/1997},
  bibsource = {dblp computer science bibliography, http://dblp.org}
}

@inproceedings{DBLP:conf/stoc/Bodlaender93,
  author    = {Hans L. Bodlaender},
  title     = {A linear time algorithm for finding tree-decompositions of small treewidth},
  booktitle = {Proceedings of the Twenty-Fifth Annual {ACM} Symposium on Theory of
               Computing, May 16-18, 1993, San Diego, CA, {USA}},
  pages     = {226--234},
  year      = {1993},
  crossref  = {DBLP:conf/stoc/STOC25},
  url       = {http://doi.acm.org/10.1145/167088.167161},
  doi       = {10.1145/167088.167161},
  timestamp = {Thu, 16 Feb 2012 12:14:57 +0100},
  biburl    = {http://dblp.org/rec/bib/conf/stoc/Bodlaender93},
  bibsource = {dblp computer science bibliography, http://dblp.org}
}

%cross reference from bodlaender93
@proceedings{DBLP:conf/stoc/STOC25,
  editor    = {S. Rao Kosaraju and
               David S. Johnson and
               Alok Aggarwal},
  title     = {Proceedings of the Twenty-Fifth Annual {ACM} Symposium on Theory of
               Computing, May 16-18, 1993, San Diego, CA, {USA}},
  publisher = {{ACM}},
  year      = {1993},
  isbn      = {0-89791-591-7},
  timestamp = {Mon, 17 Oct 2011 15:55:10 +0200},
  biburl    = {http://dblp.org/rec/bib/conf/stoc/STOC25},
  bibsource = {dblp computer science bibliography, http://dblp.org}
}

@article{DBLP:journals/jct/RobertsonS86,
  author    = {Neil Robertson and
               Paul D. Seymour},
  title     = {Graph minors. V. Excluding a planar graph},
  journal   = {J. Comb. Theory, Ser. {B}},
  volume    = {41},
  number    = {1},
  pages     = {92--114},
  year      = {1986},
  url       = {https://doi.org/10.1016/0095-8956(86)90030-4},
  doi       = {10.1016/0095-8956(86)90030-4},
  timestamp = {Sat, 27 May 2017 14:24:22 +0200},
  biburl    = {http://dblp.org/rec/bib/journals/jct/RobertsonS86},
  bibsource = {dblp computer science bibliography, http://dblp.org}
}

@article{DBLP:journals/jal/RobertsonS86,
  author    = {Neil Robertson and
               Paul D. Seymour},
  title     = {Graph Minors. {II.} Algorithmic Aspects of Tree-Width},
  journal   = {J. Algorithms},
  volume    = {7},
  number    = {3},
  pages     = {309--322},
  year      = {1986},
  url       = {https://doi.org/10.1016/0196-6774(86)90023-4},
  doi       = {10.1016/0196-6774(86)90023-4},
  timestamp = {Sun, 28 May 2017 13:24:58 +0200},
  biburl    = {http://dblp.org/rec/bib/journals/jal/RobertsonS86},
  bibsource = {dblp computer science bibliography, http://dblp.org}
}

@article{DBLP:journals/tcs/Bodlaender98,
  author    = {Hans L. Bodlaender},
  title     = {A Partial \emph{k}-Arboretum of Graphs with Bounded Treewidth},
  journal   = {Theor. Comput. Sci.},
  volume    = {209},
  number    = {1-2},
  pages     = {1--45},
  year      = {1998},
  url       = {https://doi.org/10.1016/S0304-3975(97)00228-4},
  doi       = {10.1016/S0304-3975(97)00228-4},
  timestamp = {Sun, 28 May 2017 13:20:06 +0200},
  biburl    = {http://dblp.org/rec/bib/journals/tcs/Bodlaender98},
  bibsource = {dblp computer science bibliography, http://dblp.org}
}

@article{DBLP:journals/ipl/Kinnersley92,
  author    = {Nancy G. Kinnersley},
  title     = {The Vertex Separation Number of a Graph equals its Path-Width},
  journal   = {Inf. Process. Lett.},
  volume    = {42},
  number    = {6},
  pages     = {345--350},
  year      = {1992},
  url       = {https://doi.org/10.1016/0020-0190(92)90234-M},
  doi       = {10.1016/0020-0190(92)90234-M},
  timestamp = {Fri, 26 May 2017 22:54:44 +0200},
  biburl    = {http://dblp.org/rec/bib/journals/ipl/Kinnersley92},
  bibsource = {dblp computer science bibliography, http://dblp.org}
}

@inproceedings{DBLP:conf/aaim/BachooreB06,
  author    = {Emgad H. Bachoore and
               Hans L. Bodlaender},
  title     = {A Branch and Bound Algorithm for Exact, Upper, and Lower Bounds on
               Treewidth},
  booktitle = {Algorithmic Aspects in Information and Management, Second International
               Conference, {AAIM} 2006, Hong Kong, China, June 20-22, 2006, Proceedings},
  pages     = {255--266},
  year      = {2006},
  crossref  = {DBLP:conf/aaim/2006},
  url       = {https://doi.org/10.1007/11775096_24},
  doi       = {10.1007/11775096_24},
  timestamp = {Sat, 16 Sep 2017 12:09:58 +0200},
  biburl    = {http://dblp.org/rec/bib/conf/aaim/BachooreB06},
  bibsource = {dblp computer science bibliography, http://dblp.org}
}

%cross reference to bachooreB06
@proceedings{DBLP:conf/aaim/2006,
  editor    = {Siu{-}Wing Cheng and
               Chung Keung Poon},
  title     = {Algorithmic Aspects in Information and Management, Second International
               Conference, {AAIM} 2006, Hong Kong, China, June 20-22, 2006, Proceedings},
  series    = {Lecture Notes in Computer Science},
  volume    = {4041},
  publisher = {Springer},
  year      = {2006},
  url       = {https://doi.org/10.1007/11775096},
  doi       = {10.1007/11775096},
  isbn      = {3-540-35157-4},
  timestamp = {Fri, 02 Jun 2017 13:01:07 +0200},
  biburl    = {http://dblp.org/rec/bib/conf/aaim/2006},
  bibsource = {dblp computer science bibliography, http://dblp.org}
}

@article{DBLP:journals/endm/KosterBH01,
  author    = {Arie M. C. A. Koster and
               Hans L. Bodlaender and
               Stan P. M. van Hoesel},
  title     = {Treewidth: Computational Experiments},
  journal   = {Electronic Notes in Discrete Mathematics},
  volume    = {8},
  pages     = {54--57},
  year      = {2001},
  url       = {https://doi.org/10.1016/S1571-0653(05)80078-2},
  doi       = {10.1016/S1571-0653(05)80078-2},
  timestamp = {Sat, 16 Sep 2017 12:05:48 +0200},
  biburl    = {http://dblp.org/rec/bib/journals/endm/KosterBH01},
  bibsource = {dblp computer science bibliography, http://dblp.org}
}

@article{DBLP:journals/jgaa/BodlaenderWK06,
  author    = {Hans L. Bodlaender and
               Thomas Wolle and
               Arie M. C. A. Koster},
  title     = {Contraction and Treewidth Lower Bounds},
  journal   = {J. Graph Algorithms Appl.},
  volume    = {10},
  number    = {1},
  pages     = {5--49},
  year      = {2006},
  url       = {http://jgaa.info/accepted/2006/BodlaenderWolleKoster2006.10.1.pdf},
  timestamp = {Mon, 24 Nov 2008 15:53:33 +0100},
  biburl    = {http://dblp.org/rec/bib/journals/jgaa/BodlaenderWK06},
  bibsource = {dblp computer science bibliography, http://dblp.org}
}

@inproceedings{DBLP:conf/sofsem/Bodlaender05,
  author    = {Hans L. Bodlaender},
  title     = {Discovering Treewidth},
  booktitle = {{SOFSEM} 2005: Theory and Practice of Computer Science, 31st Conference
               on Current Trends in Theory and Practice of Computer Science, Liptovsk{\'{y}}
               J{\'{a}}n, Slovakia, January 22-28, 2005, Proceedings},
  pages     = {1--16},
  year      = {2005},
  crossref  = {DBLP:conf/sofsem/2005},
  url       = {https://doi.org/10.1007/978-3-540-30577-4_1},
  doi       = {10.1007/978-3-540-30577-4_1},
  timestamp = {Tue, 30 May 2017 16:36:52 +0200},
  biburl    = {http://dblp.org/rec/bib/conf/sofsem/Bodlaender05},
  bibsource = {dblp computer science bibliography, http://dblp.org}
}

%cross reference to Bodlaender05
@proceedings{DBLP:conf/sofsem/2005,
  editor    = {Peter Vojt{\'{a}}s and
               M{\'{a}}ria Bielikov{\'{a}} and
               Bernadette Charron{-}Bost and
               Ondrej S{\'{y}}kora},
  title     = {{SOFSEM} 2005: Theory and Practice of Computer Science, 31st Conference
               on Current Trends in Theory and Practice of Computer Science, Liptovsk{\'{y}}
               J{\'{a}}n, Slovakia, January 22-28, 2005, Proceedings},
  series    = {Lecture Notes in Computer Science},
  volume    = {3381},
  publisher = {Springer},
  year      = {2005},
  url       = {https://doi.org/10.1007/b105088},
  doi       = {10.1007/b105088},
  isbn      = {3-540-24302-X},
  timestamp = {Tue, 30 May 2017 16:36:52 +0200},
  biburl    = {http://dblp.org/rec/bib/conf/sofsem/2005},
  bibsource = {dblp computer science bibliography, http://dblp.org}
}

@article{DBLP:journals/corr/BodlaenderZ16,
  author    = {Hans L. Bodlaender and
               Tom C. van der Zanden},
  title     = {Improved Lower Bounds for Graph Embedding Problems},
  journal   = {CoRR},
  volume    = {abs/1610.09130},
  year      = {2016},
  url       = {http://arxiv.org/abs/1610.09130},
  archivePrefix = {arXiv},
  eprint    = {1610.09130},
  timestamp = {Wed, 07 Jun 2017 14:42:53 +0200},
  biburl    = {http://dblp.org/rec/bib/journals/corr/BodlaenderZ16},
  bibsource = {dblp computer science bibliography, http://dblp.org}
}

@inproceedings{DBLP:conf/wea/ClautiauxCMN03,
  author    = {Fran{\c{c}}ois Clautiaux and
               Jacques Carlier and
               Aziz Moukrim and
               St{\'{e}}phane N{\`{e}}gre},
  title     = {New Lower and Upper Bounds for Graph Treewidth},
  booktitle = {Experimental and Efficient Algorithms, Second International Workshop,
               {WEA} 2003, Ascona, Switzerland, May 26-28, 2003, Proceedings},
  pages     = {70--80},
  year      = {2003},
  crossref  = {DBLP:conf/wea/2003},
  url       = {https://doi.org/10.1007/3-540-44867-5_6},
  doi       = {10.1007/3-540-44867-5_6},
  timestamp = {Mon, 29 May 2017 16:53:44 +0200},
  biburl    = {http://dblp.org/rec/bib/conf/wea/ClautiauxCMN03},
  bibsource = {dblp computer science bibliography, http://dblp.org}
}

%cross reference for clautiauxCMN03
@proceedings{DBLP:conf/wea/2003,
  editor    = {Klaus Jansen and
               Marian Margraf and
               Monaldo Mastrolilli and
               Jos{\'{e}} D. P. Rolim},
  title     = {Experimental and Efficient Algorithms, Second International Workshop,
               {WEA} 2003, Ascona, Switzerland, May 26-28, 2003, Proceedings},
  series    = {Lecture Notes in Computer Science},
  volume    = {2647},
  publisher = {Springer},
  year      = {2003},
  url       = {https://doi.org/10.1007/3-540-44867-5},
  doi       = {10.1007/3-540-44867-5},
  isbn      = {3-540-40205-5},
  timestamp = {Mon, 29 May 2017 16:53:44 +0200},
  biburl    = {http://dblp.org/rec/bib/conf/wea/2003},
  bibsource = {dblp computer science bibliography, http://dblp.org}
}

@inproceedings{DBLP:conf/esa/BodlaenderGK05,
  author    = {Hans L. Bodlaender and
               Alexander Grigoriev and
               Arie M. C. A. Koster},
  title     = {Treewidth Lower Bounds with Brambles},
  booktitle = {Algorithms - {ESA} 2005, 13th Annual European Symposium, Palma de
               Mallorca, Spain, October 3-6, 2005, Proceedings},
  pages     = {391--402},
  year      = {2005},
  crossref  = {DBLP:conf/esa/2005},
  url       = {https://doi.org/10.1007/11561071_36},
  doi       = {10.1007/11561071_36},
  timestamp = {Fri, 02 Jun 2017 20:49:30 +0200},
  biburl    = {http://dblp.org/rec/bib/conf/esa/BodlaenderGK05},
  bibsource = {dblp computer science bibliography, http://dblp.org}
}

%cross reference BodlaenderGK05
@proceedings{DBLP:conf/esa/2005,
  editor    = {Gerth St{\o}lting Brodal and
               Stefano Leonardi},
  title     = {Algorithms - {ESA} 2005, 13th Annual European Symposium, Palma de
               Mallorca, Spain, October 3-6, 2005, Proceedings},
  series    = {Lecture Notes in Computer Science},
  volume    = {3669},
  publisher = {Springer},
  year      = {2005},
  url       = {https://doi.org/10.1007/11561071},
  doi       = {10.1007/11561071},
  isbn      = {3-540-29118-0},
  timestamp = {Tue, 30 May 2017 16:36:52 +0200},
  biburl    = {http://dblp.org/rec/bib/conf/esa/2005},
  bibsource = {dblp computer science bibliography, http://dblp.org}
}

@article{DBLP:journals/iandc/Eppstein92,
  author    = {David Eppstein},
  title     = {Parallel Recognition of Series-Parallel Graphs},
  journal   = {Inf. Comput.},
  volume    = {98},
  number    = {1},
  pages     = {41--55},
  year      = {1992},
  url       = {https://doi.org/10.1016/0890-5401(92)90041-D},
  doi       = {10.1016/0890-5401(92)90041-D},
  timestamp = {Thu, 18 May 2017 09:54:18 +0200},
  biburl    = {http://dblp.org/rec/bib/journals/iandc/Eppstein92},
  bibsource = {dblp computer science bibliography, http://dblp.org}
}

@inproceedings{DBLP:conf/sat/SamerV09,
  author    = {Marko Samer and
               Helmut Veith},
  title     = {Encoding Treewidth into {SAT}},
  booktitle = {Theory and Applications of Satisfiability Testing - {SAT} 2009, 12th
               International Conference, {SAT} 2009, Swansea, UK, June 30 - July
               3, 2009. Proceedings},
  pages     = {45--50},
  year      = {2009},
  crossref  = {DBLP:conf/sat/2009},
  url       = {https://doi.org/10.1007/978-3-642-02777-2_6},
  doi       = {10.1007/978-3-642-02777-2_6},
  timestamp = {Tue, 23 May 2017 01:08:19 +0200},
  biburl    = {http://dblp.org/rec/bib/conf/sat/SamerV09},
  bibsource = {dblp computer science bibliography, http://dblp.org}
}

%cross reference SamerV09
@proceedings{DBLP:conf/sat/2009,
  editor    = {Oliver Kullmann},
  title     = {Theory and Applications of Satisfiability Testing - {SAT} 2009, 12th
               International Conference, {SAT} 2009, Swansea, UK, June 30 - July
               3, 2009. Proceedings},
  series    = {Lecture Notes in Computer Science},
  volume    = {5584},
  publisher = {Springer},
  year      = {2009},
  url       = {https://doi.org/10.1007/978-3-642-02777-2},
  doi       = {10.1007/978-3-642-02777-2},
  isbn      = {978-3-642-02776-5},
  timestamp = {Tue, 23 May 2017 01:08:19 +0200},
  biburl    = {http://dblp.org/rec/bib/conf/sat/2009},
  bibsource = {dblp computer science bibliography, http://dblp.org}
}

%cross reference BergJ14
@proceedings{DBLP:conf/ictai/2014,
  title     = {26th {IEEE} International Conference on Tools with Artificial Intelligence,
               {ICTAI} 2014, Limassol, Cyprus, November 10-12, 2014},
  publisher = {{IEEE} Computer Society},
  year      = {2014},
  url       = {http://ieeexplore.ieee.org/xpl/mostRecentIssue.jsp?punumber=6979774},
  isbn      = {978-1-4799-6572-4},
  timestamp = {Fri, 19 Dec 2014 16:04:31 +0100},
  biburl    = {http://dblp.org/rec/bib/conf/ictai/2014},
  bibsource = {dblp computer science bibliography, http://dblp.org}
}

@inproceedings{LodhaOrdyniakSzeider17,
  author    = {Neha Lodha and Sebastian Ordyniak and Stefan Szeider},
  title     = {{SAT}-Encodings for Special Treewidth and Pathwidth},
title     = {SAT-Encodings for Special Treewidth and Pathwidth},
  booktitle = {Theory and Applications of Satisfiability Testing - {SAT} 2017 - 20th
               International Conference, Melbourne, VIC, Australia, August 28 - September
               1, 2017, Proceedings},
  pages     = {429--445},
  year      = {2017},
   doi       = {10.1007/978-3-319-66263-3_27},
   editor    = {Serge Gaspers and
               Toby Walsh},
   series    = LNCS,
  volume    = {10491},
  publisher = Springer,
  editor    = {Serge Gaspers and Toby Walsh},
  series    = LNCS,
  publisher = Springer,
     keywords={compile},
}

@article{heule2015sat,
  title={A SAT approach to clique-width},
  author={Heule, Marijn JH and Szeider, Stefan},
  journal={ACM Transactions on Computational Logic (TOCL)},
  volume={16},
  number={3},
  pages={24},
  year={2015},
  publisher={ACM}
}

@article{kinnersley1992vertex,
  title={The vertex separation number of a graph equals its path-width},
  author={Kinnersley, Nancy G},
  journal={Information Processing Letters},
  volume={42},
  number={6},
  pages={345--350},
  year={1992},
  publisher={Elsevier}
}

@inproceedings{courcelle2010special,
  title={Special tree-width and the verification of monadic second-order graph pr operties},
  author={Courcelle, Bruno},
  booktitle={LIPIcs-Leibniz International Proceedings in Informatics},
  volume={8},
  year={2010},
  organization={Schloss Dagstuhl-Leibniz-Zentrum fuer Informatik}
}

@inproceedings{DBLP:conf/wg/Bodlaender06,
  author    = {Hans L. Bodlaender},
  title     = {Treewidth: Characterizations, Applications, and Computations},
  booktitle = {Graph-Theoretic Concepts in Computer Science, 32nd International Workshop,
               {WG} 2006, Bergen, Norway, June 22-24, 2006, Revised Papers},
  pages     = {1--14},
  year      = {2006},
  crossref  = {DBLP:conf/wg/2006},
  url       = {https://doi.org/10.1007/11917496_1},
  doi       = {10.1007/11917496_1},
  timestamp = {Fri, 02 Jun 2017 13:01:06 +0200},
  biburl    = {http://dblp.org/rec/bib/conf/wg/Bodlaender06},
  bibsource = {dblp computer science bibliography, http://dblp.org}
}

%cross reference for Bodlaeander06
@proceedings{DBLP:conf/wg/2006,
  editor    = {Fedor V. Fomin},
  title     = {Graph-Theoretic Concepts in Computer Science, 32nd International Workshop,
               {WG} 2006, Bergen, Norway, June 22-24, 2006, Revised Papers},
  series    = {Lecture Notes in Computer Science},
  volume    = {4271},
  publisher = {Springer},
  year      = {2006},
  url       = {https://doi.org/10.1007/11917496},
  doi       = {10.1007/11917496},
  isbn      = {3-540-48381-0},
  timestamp = {Fri, 02 Jun 2017 13:01:06 +0200},
  biburl    = {http://dblp.org/rec/bib/conf/wg/2006},
  bibsource = {dblp computer science bibliography, http://dblp.org}
}

@article{arnborg1989linear,
  title={Linear time algorithms for NP-hard problems restricted to partial k-trees},
  author={Arnborg, Stefan and Proskurowski, Andrzej},
  journal={Discrete applied mathematics},
  volume={23},
  number={1},
  pages={11--24},
  year={1989},
  publisher={Elsevier}
}

@InProceedings{dell_et_al:LIPIcs:2017:6931,
  author =	{Holger Dell and Thore Husfeldt and Bart M. P. Jansen and Petteri Kaski and Christian Komusiewicz and Frances A. Rosamond},
  title =	{{The First Parameterized Algorithms and Computational Experiments Challenge}},
  booktitle =	{11th International Symposium on Parameterized and Exact Computation (IPEC 2016)},
  pages =	{30:1--30:9},
  series =	{Leibniz International Proceedings in Informatics (LIPIcs)},
  ISBN =	{978-3-95977-023-1},
  ISSN =	{1868-8969},
  year =	{2017},
  volume =	{63},
  editor =	{Jiong Guo and Danny Hermelin},
  publisher =	{Schloss Dagstuhl--Leibniz-Zentrum fuer Informatik},
  address =	{Dagstuhl, Germany},
  URL =		{http://drops.dagstuhl.de/opus/volltexte/2017/6931},
  URN =		{urn:nbn:de:0030-drops-69310},
  doi =		{10.4230/LIPIcs.IPEC.2016.30},
  annote =	{Keywords: treewidth, feedback vertex set, contest, implementation challenge, FPT}
}

@inproceedings{gogate2004complete,
  title={A complete anytime algorithm for treewidth},
  author={Gogate, Vibhav and Dechter, Rina},
  booktitle={Proceedings of the 20th conference on Uncertainty in artificial intelligence},
  pages={201--208},
  year={2004},
  organization={AUAI Press}
}

@article{gramm2007fixed,
  title={Fixed-parameter algorithms in phylogenetics},
  author={Gramm, Jens and Nickelsen, Arfst and Tantau, Till},
  journal={The Computer Journal},
  volume={51},
  number={1},
  pages={79--101},
  year={2007},
  publisher={Oxford University Press}
}

@article{bodlaender2006treewidth,
  title={Treewidth: characterizations, applications, and computations},
  author={Bodlaender, Hans L},
  journal={WG},
  volume={4271},
  pages={1--14},
  year={2006},
  publisher={Springer}
}

@inproceedings{huang2007parameterized,
  title={Parameterized graph problems in computational biology},
  author={Huang, Xiuzhen and Lai, Jing},
  booktitle={Computer and Computational Sciences, 2007. IMSCCS 2007. Second International Multi-Symposiums on},
  pages={129--132},
  year={2007},
  organization={IEEE}
}

@article{DBLP:journals/actaC/Bodlaender93,
  author    = {Hans L. Bodlaender},
  title     = {A Tourist Guide through Treewidth},
  journal   = {Acta Cybern.},
  volume    = {11},
  number    = {1-2},
  pages     = {1--21},
  year      = {1993},
  url       = {http://www.inf.u-szeged.hu/actacybernetica/edb/vol11n1_2/Bodlaender_1993_ActaCybernetica.xml},
  timestamp = {Tue, 09 Jul 2013 18:10:34 +0200},
  biburl    = {http://dblp.org/rec/bib/journals/actaC/Bodlaender93},
  bibsource = {dblp computer science bibliography, http://dblp.org}
}

@article{DBLP:journals/talg/BodlaenderFKKT12,
  author    = {Hans L. Bodlaender and
               Fedor V. Fomin and
               Arie M. C. A. Koster and
               Dieter Kratsch and
               Dimitrios M. Thilikos},
  title     = {On exact algorithms for treewidth},
  journal   = {{ACM} Trans. Algorithms},
  volume    = {9},
  number    = {1},
  pages     = {12:1--12:23},
  year      = {2012},
  url       = {http://doi.acm.org/10.1145/2390176.2390188},
  doi       = {10.1145/2390176.2390188},
  timestamp = {Sat, 16 Sep 2017 12:05:40 +0200},
  biburl    = {http://dblp.org/rec/bib/journals/talg/BodlaenderFKKT12},
  bibsource = {dblp computer science bibliography, http://dblp.org}
}

@inproceedings{bodlaender1997treewidth,
  title={Treewidth: Algorithmic techniques and results},
  author={Bodlaender, Hans L},
  booktitle={International Symposium on Mathematical Foundations of Computer Science},
  pages={19--36},
  year={1997},
  organization={Springer}
}

@inproceedings{bodlaender1991approximating,
  title={Approximating treewidth, pathwidth, and minimum elimination tree height},
  author={Bodlaender, Hans L and Gilbert, John R and Hafsteinsson, Hj{\'a}lmt{\`y}r and Kloks, Ton},
  booktitle={International Workshop on Graph-Theoretic Concepts in Computer Science},
  pages={1--12},
  year={1991},
  organization={Springer}
}

@article{matouvsek1992complexity,
  title={On the complexity of finding iso-and other morphisms for partial k-trees},
  author={Matou{\v{s}}ek, Ji{\v{r}}{\'\i} and Thomas, Robin},
  journal={Discrete Mathematics},
  volume={108},
  number={1-3},
  pages={343--364},
  year={1992},
  publisher={Elsevier}
}

@article{lagergren1996efficient,
  title={Efficient parallel algorithms for graphs of bounded tree-width},
  author={Lagergren, Jens},
  journal={Journal of Algorithms},
  volume={20},
  number={1},
  pages={20--44},
  year={1996},
  publisher={Elsevier}
}

@inproceedings{reed1992finding,
  title={Finding approximate separators and computing tree width quickly},
  author={Reed, Bruce A},
  booktitle={Proceedings of the twenty-fourth annual ACM symposium on Theory of computing},
  pages={221--228},
  year={1992},
  organization={ACM}
}

@article{robertson1995graph,
  title={Graph minors. XIII. The disjoint paths problem},
  author={Robertson, Neil and Seymour, Paul D},
  journal={Journal of combinatorial theory, Series B},
  volume={63},
  number={1},
  pages={65--110},
  year={1995},
  publisher={Elsevier}
}

@book{kloks1994treewidth,
  title={Treewidth: computations and approximations},
  author={Kloks, Ton},
  volume={842},
  year={1994},
  publisher={Springer Science \& Business Media}
}

@article{bodlaender1996efficient,
  title={Efficient and constructive algorithms for the pathwidth and treewidth of graphs},
  author={Bodlaender, Hans L and Kloks, Ton},
  journal={Journal of Algorithms},
  volume={21},
  number={2},
  pages={358--402},
  year={1996},
  publisher={Elsevier}
}

@article{bodlaender1998parallel,
  title={Parallel algorithms with optimal speedup for bounded treewidth},
  author={Bodlaender, Hans L and Hagerup, Torben},
  journal={SIAM Journal on Computing},
  volume={27},
  number={6},
  pages={1725--1746},
  year={1998},
  publisher={SIAM}
}

@inproceedings{chandrasekharan1988fast,
  title={Fast parallel algorithms for tree decomposing and parsing partial k-trees},
  author={Chandrasekharan, N and Hedetniemi, Stephen T},
  booktitle={Proc. 26th Annual Allerton Conference on Communication, Control, and Computing, Urbana-Champaign, Illinois},
  pages={283--292},
  year={1988}
}

@inproceedings{bodlaender1988nc,
  title={NC-algorithms for graphs with small treewidth},
  author={Bodlaender, Hans L},
  booktitle={International Workshop on Graph-Theoretic Concepts in Computer Science},
  pages={1--10},
  year={1988},
  organization={Springer}
}

@article{berry2004maximum,
  title={Maximum cardinality search for computing minimal triangulations of graphs},
  author={Berry, Anne and Blair, Jean RS and Heggernes, Pinar and Peyton, Barry W},
  journal={Algorithmica},
  volume={39},
  number={4},
  pages={287--298},
  year={2004},
  publisher={Springer}
}

@article{rose1976algorithmic,
  title={Algorithmic aspects of vertex elimination on graphs},
  author={Rose, Donald J and Tarjan, R Endre and Lueker, George S},
  journal={SIAM Journal on computing},
  volume={5},
  number={2},
  pages={266--283},
  year={1976},
  publisher={SIAM}
}

@article{tarjan1984simple,
  title={Simple linear-time algorithms to test chordality of graphs, test acyclicity of hypergraphs, and selectively reduce acyclic hypergraphs},
  author={Tarjan, Robert E and Yannakakis, Mihalis},
  journal={SIAM Journal on computing},
  volume={13},
  number={3},
  pages={566--579},
  year={1984},
  publisher={SIAM}
}

@article{blair2001practical,
  title={A practical algorithm for making filled graphs minimal},
  author={Blair, Jean RS and Heggernes, Pinar and Telle, Jan Arne},
  journal={Theoretical Computer Science},
  volume={250},
  number={1-2},
  pages={125--141},
  year={2001},
  publisher={Elsevier}
}

@article{clautiaux2004heuristic,
  title={Heuristic and metaheuristic methods for computing graph treewidth},
  author={Clautiaux, Fran{\c{c}}ois and Moukrim, Aziz and N{\`e}gre, St{\'e}phane and Carlier, Jacques},
  journal={RAIRO-Operations Research},
  volume={38},
  number={1},
  pages={13--26},
  year={2004},
  publisher={EDP Sciences}
}

@article{bodlaender2006contraction,
  title={Contraction and Treewidth Lower Bounds.},
  author={Bodlaender, Hans L and Wolle, Thomas and Koster, Arie MCA},
  journal={J. Graph Algorithms Appl.},
  volume={10},
  number={1},
  pages={5--49},
  year={2006}
}

@inproceedings{koster2005degree,
  title={Degree-based treewidth lower bounds},
  author={Koster, Arie MCA and Wolle, Thomas and Bodlaender, Hans L},
  booktitle={International Workshop on Experimental and Efficient Algorithms},
  pages={101--112},
  year={2005},
  organization={Springer}
}

@inproceedings{ramachandramurthi1994lower,
  title={A lower bound for treewidth and its consequences},
  author={Ramachandramurthi, Siddharthan},
  booktitle={International Workshop on Graph-Theoretic Concepts in Computer Science},
  pages={14--25},
  year={1994},
  organization={Springer}
}

@article{granot1991nc,
  title={NC algorithms for recognizing partial 2-trees and 3-trees},
  author={Granot, Daniel and Skorin-Kapov, Darko},
  journal={SIAM Journal on Discrete Mathematics},
  volume={4},
  number={3},
  pages={342--354},
  year={1991},
  publisher={SIAM}
}

@article{matouvsek1991algorithms,
  title={Algorithms finding tree-decompositions of graphs},
  author={Matou{\v{s}}ek, Ji{\v{r}}{\'\i} and Thomas, Robin},
  journal={Journal of Algorithms},
  volume={12},
  number={1},
  pages={1--22},
  year={1991},
  publisher={Elsevier}
}

@article{sanders1996linear,
  title={On linear recognition of tree-width at most four},
  author={Sanders, Daniel P},
  journal={SIAM Journal on Discrete Mathematics},
  volume={9},
  number={1},
  pages={101--117},
  year={1996},
  publisher={SIAM}
}

@inproceedings{DBLP:conf/sat/MartinsML14,
  author    = {Ruben Martins and
               Vasco M. Manquinho and
               In{\^{e}}s Lynce},
  title     = {Open-WBO: {A} Modular MaxSAT Solver,},
  booktitle = {Theory and Applications of Satisfiability Testing - {SAT} 2014 - 17th
               International Conference, Held as Part of the Vienna Summer of Logic,
               {VSL} 2014, Vienna, Austria, July 14-17, 2014. Proceedings},
  pages     = {438--445},
  year      = {2014},
  crossref  = {DBLP:conf/sat/2014},
  url       = {https://doi.org/10.1007/978-3-319-09284-3_33},
  doi       = {10.1007/978-3-319-09284-3_33},
  timestamp = {Thu, 15 Jun 2017 21:39:14 +0200},
  biburl    = {http://dblp.org/rec/bib/conf/sat/MartinsML14},
  bibsource = {dblp computer science bibliography, http://dblp.org}
}

%cross reference to MartinsML14
@proceedings{DBLP:conf/sat/2014,
  editor    = {Carsten Sinz and
               Uwe Egly},
  title     = {Theory and Applications of Satisfiability Testing - {SAT} 2014 - 17th
               International Conference, Held as Part of the Vienna Summer of Logic,
               {VSL} 2014, Vienna, Austria, July 14-17, 2014. Proceedings},
  series    = {Lecture Notes in Computer Science},
  volume    = {8561},
  publisher = {Springer},
  year      = {2014},
  url       = {https://doi.org/10.1007/978-3-319-09284-3},
  doi       = {10.1007/978-3-319-09284-3},
  isbn      = {978-3-319-09283-6},
  timestamp = {Tue, 23 May 2017 01:08:19 +0200},
  biburl    = {http://dblp.org/rec/bib/conf/sat/2014},
  bibsource = {dblp computer science bibliography, http://dblp.org}
}

@inproceedings{DBLP:conf/cp/MartinsJML14,
  author    = {Ruben Martins and
               Saurabh Joshi and
               Vasco M. Manquinho and
               In{\^{e}}s Lynce},
  title     = {Incremental Cardinality Constraints for MaxSAT},
  booktitle = {Principles and Practice of Constraint Programming - 20th International
               Conference, {CP} 2014, Lyon, France, September 8-12, 2014. Proceedings},
  pages     = {531--548},
  year      = {2014},
  crossref  = {DBLP:conf/cp/2014},
  url       = {https://doi.org/10.1007/978-3-319-10428-7_39},
  doi       = {10.1007/978-3-319-10428-7_39},
  timestamp = {Fri, 02 Jun 2017 20:47:44 +0200},
  biburl    = {http://dblp.org/rec/bib/conf/cp/MartinsJML14},
  bibsource = {dblp computer science bibliography, http://dblp.org}
}

%cross reference for MartinsJML14
@proceedings{DBLP:conf/cp/2014,
  editor    = {Barry O'Sullivan},
  title     = {Principles and Practice of Constraint Programming - 20th International
               Conference, {CP} 2014, Lyon, France, September 8-12, 2014. Proceedings},
  series    = {Lecture Notes in Computer Science},
  volume    = {8656},
  publisher = {Springer},
  year      = {2014},
  url       = {https://doi.org/10.1007/978-3-319-10428-7},
  doi       = {10.1007/978-3-319-10428-7},
  isbn      = {978-3-319-10427-0},
  timestamp = {Wed, 17 May 2017 14:24:32 +0200},
  biburl    = {http://dblp.org/rec/bib/conf/cp/2014},
  bibsource = {dblp computer science bibliography, http://dblp.org}
}

@article{heggernes2005treewidth,
  title={Treewidth, partial k-trees, and chordal graphs},
  author={Heggernes, Pinar},
  journal={Partial curriculum in INF334-Advanced algorithmical techniques, Department of Informatics, University of Bergen, Norway},
  year={2005}
}

@article{fulkerson1965incidence,
  title={Incidence matrices and interval graphs},
  author={Fulkerson, Delbert and Gross, Oliver},
  journal={Pacific journal of mathematics},
  volume={15},
  number={3},
  pages={835--855},
  year={1965},
  publisher={Mathematical Sciences Publishers}
}

@misc{bodlaender2008treewidth,
  title={Treewidth Computations I. Upper Bounds.},
  author={Bodlaender, Hans L and Koster, Arie MCA},
  year={2008},
  publisher={UU WINFI Informatica en Informatiekunde}
}

@article{DBLP:journals/iandc/BodlaenderK10,
  author    = {Hans L. Bodlaender and
               Arie M. C. A. Koster},
  title     = {Treewidth computations I. Upper bounds},
  journal   = {Inf. Comput.},
  volume    = {208},
  number    = {3},
  pages     = {259--275},
  year      = {2010},
  url       = {https://doi.org/10.1016/j.ic.2009.03.008},
  doi       = {10.1016/j.ic.2009.03.008},
  timestamp = {Sat, 16 Sep 2017 12:06:31 +0200},
  biburl    = {https://dblp.org/rec/bib/journals/iandc/BodlaenderK10},
  bibsource = {dblp computer science bibliography, https://dblp.org}
}

@article{DBLP:journals/iandc/Courcelle90,
  author    = {Bruno Courcelle},
  title     = {The Monadic Second-Order Logic of Graphs. I. Recognizable Sets of
               Finite Graphs},
  journal   = {Inf. Comput.},
  volume    = {85},
  number    = {1},
  pages     = {12--75},
  year      = {1990},
  url       = {https://doi.org/10.1016/0890-5401(90)90043-H},
  doi       = {10.1016/0890-5401(90)90043-H},
  timestamp = {Thu, 18 May 2017 09:54:21 +0200},
  biburl    = {https://dblp.org/rec/bib/journals/iandc/Courcelle90},
  bibsource = {dblp computer science bibliography, https://dblp.org}
}

@article{bern1987linear,
  title={Linear-time computation of optimal subgraphs of decomposable graphs},
  author={Bern, Marshall W. and Lawler, Eugene L. and Wong, Alice L},
  journal={Journal of Algorithms},
  volume={8},
  number={2},
  pages={216--235},
  year={1987},
  publisher={Elsevier}
}

@article{koster2002solving,
  title={Solving partial constraint satisfaction problems with tree decomposition},
  author={Koster, Arie MCA and van Hoesel, Stan PM and Kolen, Antoon WJ},
  journal={Networks: An International Journal},
  volume={40},
  number={3},
  pages={170--180},
  year={2002},
  publisher={Wiley Online Library}
}

@inproceedings{de2004quantified,
  title={Quantified constraint satisfaction and bounded treewidth},
  author={de Mantaras, R Lopez and Saitia, L},
  booktitle={ECAI 2004: 16th European Conference on Artificial Intelligence, August 22-27, 2004, Valencia, Spain: Including Prestigious Applicants [sic] of Intelligent Systems (PAIS 2004): Proceedings},
  volume={110},
  pages={161},
  year={2004},
  organization={IOS Press}
}

@article{gottlob2000comparison,
  title={A comparison of structural CSP decomposition methods},
  author={Gottlob, Georg and Leone, Nicola and Scarcello, Francesco},
  journal={Artificial Intelligence},
  volume={124},
  number={2},
  pages={243--282},
  year={2000},
  publisher={Elsevier}
}

@article{telle1997algorithms,
  title={Algorithms for vertex partitioning problems on partial k-trees},
  author={Telle, Jan Arne and Proskurowski, Andrzej},
  journal={SIAM Journal on Discrete Mathematics},
  volume={10},
  number={4},
  pages={529--550},
  year={1997},
  publisher={SIAM}
}

@incollection{hare1987linear,
  title={Linear-time computability of combinatorial problems on generalized-series-parallel graphs},
  author={Hare, E and Hedetniemi, S and Laskar, R and Peters, K and Wimer, T},
  booktitle={Discrete Algorithms and Complexity},
  pages={437--457},
  year={1987},
  publisher={Elsevier}
}

@article{bonamy2013recoloring,
  title={Recoloring bounded treewidth graphs},
  author={Bonamy, Marthe and Bousquet, Nicolas},
  journal={Electronic Notes in Discrete Mathematics},
  volume={44},
  pages={257--262},
  year={2013},
  publisher={Elsevier}
}

@article{elidan2008learning,
  title={Learning bounded treewidth Bayesian networks},
  author={Elidan, Gal and Gould, Stephen},
  journal={Journal of Machine Learning Research},
  volume={9},
  number={Dec},
  pages={2699--2731},
  year={2008}
}

@inproceedings{berg2014learning,
  title={Learning optimal bounded treewidth Bayesian networks via maximum satisfiability},
  author={Berg, Jeremias and J{\"a}rvisalo, Matti and Malone, Brandon},
  booktitle={Artificial Intelligence and Statistics},
  pages={86--95},
  year={2014}
}

@inproceedings{parviainen2014learning,
  title={Learning bounded tree-width Bayesian networks using integer linear programming},
  author={Parviainen, Pekka and Farahani, Hossein Shahrabi and Lagergren, Jens},
  booktitle={Artificial Intelligence and Statistics},
  pages={751--759},
  year={2014}
}

@inproceedings{korhonen2013exact,
  title={Exact learning of bounded tree-width Bayesian networks},
  author={Korhonen, Janne and Parviainen, Pekka},
  booktitle={Artificial Intelligence and Statistics},
  pages={370--378},
  year={2013}
}

@incollection{zhao2007comparative,
  title={Comparative pathway annotation with protein-DNA interaction and operon information via graph tree decomposition},
  author={Zhao, Jizhen and Che, Dongsheng and Cai, Liming},
  booktitle={Biocomputing 2007},
  pages={496--507},
  year={2007},
  publisher={World Scientific}
}

@article{zhao2008rapid,
  title={Rapid ab initio prediction of RNA pseudoknots via graph tree decomposition},
  author={Zhao, Jizhen and Malmberg, Russell L and Cai, Liming},
  journal={Journal of mathematical biology},
  volume={56},
  number={1-2},
  pages={145--159},
  year={2008},
  publisher={Springer}
}

@book{cormen2009introduction,
  title={Introduction to algorithms},
  author={Cormen, Thomas H and Leiserson, Charles E and Rivest, Ronald L and Stein, Clifford},
  year={2009},
  publisher={MIT press}
}

@inproceedings{berry2005ultimate,
  title={Ultimate generalizations of LexBFS and LEX M},
  author={Berry, Anne and Krueger, Richard and Simonet, Genevieve},
  booktitle={International Workshop on Graph-Theoretic Concepts in Computer Science},
  pages={199--213},
  year={2005},
  organization={Springer}
}

@article{villanger2006lex,
  title={Lex M Versus Mcs-m},
  author={Villanger, Yngve},
  journal={Discrete mathematics},
  volume={306},
  number={3},
  pages={393--400},
  year={2006},
  publisher={Elsevier}
}

@inproceedings{bachoore2005new,
  title={New upper bound heuristics for treewidth},
  author={Bachoore, Emgad H and Bodlaender, Hans L},
  booktitle={International Workshop on Experimental and Efficient Algorithms},
  pages={216--227},
  year={2005},
  organization={Springer}
}

@article{bodlaender2005preprocessing,
  title={Preprocessing rules for triangulation of probabilistic networks},
  author={Bodlaender, Hans L and Koster, Arie MCA and Eijkhof, Frank van den},
  journal={Computational Intelligence},
  volume={21},
  number={3},
  pages={286--305},
  year={2005},
  publisher={Wiley Online Library}
}

@inproceedings{clautiaux2003new,
  title={New lower and upper bounds for graph treewidth},
  author={Clautiaux, Fran{\c{c}}ois and Carlier, Jacques and Moukrim, Aziz and N{\`e}gre, St{\'e}phane},
  booktitle={International Workshop on Experimental and Efficient Algorithms},
  pages={70--80},
  year={2003},
  organization={Springer}
}

@article{kjaerulff1992optimal,
  title={Optimal decomposition of probabilistic networks by simulated annealing},
  author={Kj{\ae}rulff, Uffe},
  journal={Statistics and Computing},
  volume={2},
  number={1},
  pages={7--17},
  year={1992},
  publisher={Springer}
}

@article{larranaga1997decomposing,
  title={Decomposing Bayesian networks: triangulation of the moral graph with genetic algorithms},
  author={Larra{\~n}aga, Pedro and Kuijpers, Cindy MH and Poza, Mikel and Murga, Roberto H},
  journal={Statistics and Computing},
  volume={7},
  number={1},
  pages={19--34},
  year={1997},
  publisher={Springer}
}

@inproceedings{bodlaender2006exact,
  title={On exact algorithms for treewidth},
  author={Bodlaender, Hans L and Fomin, Fedor V and Koster, Arie MCA and Kratsch, Dieter and Thilikos, Dimitrios M},
  booktitle={European Symposium on Algorithms},
  pages={672--683},
  year={2006},
  organization={Springer}
}

@article{amir2010approximation,
  title={Approximation algorithms for treewidth},
  author={Amir, Eyal},
  journal={Algorithmica},
  volume={56},
  number={4},
  pages={448--479},
  year={2010},
  publisher={Springer}
}

@inproceedings{amir2001efficient,
  title={Efficient approximation for triangulation of minimum treewidth},
  author={Amir, Eyal},
  booktitle={Proceedings of the Seventeenth conference on Uncertainty in artificial intelligence},
  pages={7--15},
  year={2001},
  organization={Morgan Kaufmann Publishers Inc.}
}

@inproceedings{becker1996sufficiently,
  title={A sufficiently fast algorithm for finding close to optimal junction trees},
  author={Becker, Ann and Geiger, Dan},
  booktitle={Proceedings of the twelfth international conference on uncertainty in artificial intelligence},
  pages={81--89},
  year={1996},
  organization={Morgan Kaufmann Publishers Inc.}
}

@article{bodlaender1995approximating,
  title={Approximating treewidth, pathwidth, frontsize, and shortest elimination tree},
  author={Bodlaender, Hans L and Gilbert, John R and Hafsteinsson, Hj{\'a}lmtyr and Kloks, Ton},
  journal={J. Algorithms},
  volume={18},
  number={2},
  pages={238--255},
  year={1995}
}

@article{bouchitte2004treewidth,
  title={On treewidth approximations},
  author={Bouchitt{\'e}, Vincent and Kratsch, Dieter and M{\"u}ller, Haiko and Todinca, Ioan},
  journal={Discrete Applied Mathematics},
  volume={136},
  number={2-3},
  pages={183--196},
  year={2004},
  publisher={Elsevier}
}

@article{diestel1999highly,
  title={Highly connected sets and the excluded grid theorem},
  author={Diestel, Reinhard and Jensen, Tommy R and Gorbunov, Konstantin Yu and Thomassen, Carsten},
  journal={Journal of Combinatorial Theory, Series B},
  volume={75},
  number={1},
  pages={61--73},
  year={1999},
  publisher={Elsevier}
}

@article{bodlaender2008combinatorial,
  title={Combinatorial optimization on graphs of bounded treewidth},
  author={Bodlaender, Hans L and Koster, Arie MCA},
  journal={The Computer Journal},
  volume={51},
  number={3},
  pages={255--269},
  year={2008},
  publisher={OUP}
}

@inproceedings{lokshtanov2011known,
  title={Known algorithms on graphs of bounded treewidth are probably optimal},
  author={Lokshtanov, Daniel and Marx, D{\'a}niel and Saurabh, Saket},
  booktitle={Proceedings of the twenty-second annual ACM-SIAM symposium on Discrete Algorithms},
  pages={777--789},
  year={2011},
  organization={Society for Industrial and Applied Mathematics}
}

@inproceedings{bodlaender1988dynamic,
  title={Dynamic programming on graphs with bounded treewidth},
  author={Bodlaender, Hans L},
  booktitle={International Colloquium on Automata, Languages, and Programming},
  pages={105--118},
  year={1988},
  organization={Springer}
}

@phdthesis{hajiaghayi2001algorithms,
  title={Algorithms for graphs of (locally) bounded treewidth},
  author={Hajiaghayi, Mohammad Taghi},
  year={2001},
  school={University of Waterloo}
}

@book{koster1999frequency,
  title={Frequency assignment: Models and algorithms},
  author={Koster, Arie Marinus Catharinus Antonius},
  year={1999},
  publisher={Arie Koster}
}

@article{bodlaender2010treewidth,
  title={Treewidth computations I. Upper bounds},
  author={Bodlaender, Hans L and Koster, Arie MCA},
  journal={Information and Computation},
  volume={208},
  number={3},
  pages={259--275},
  year={2010},
  publisher={Elsevier}
}

@inproceedings{bailleux2003efficient,
  title={Efficient CNF encoding of boolean cardinality constraints},
  author={Bailleux, Olivier and Boufkhad, Yacine},
  booktitle={International conference on principles and practice of constraint programming},
  pages={108--122},
  year={2003},
  organization={Springer}
}

@inproceedings{sinz2005towards,
  title={Towards an optimal CNF encoding of boolean cardinality constraints},
  author={Sinz, Carsten},
  booktitle={International conference on principles and practice of constraint programming},
  pages={827--831},
  year={2005},
  organization={Springer}
}

@article{een2006translating,
  title={Translating pseudo-boolean constraints into SAT},
  author={E{\'e}n, Niklas and Sorensson, Niklas},
  journal={Journal on Satisfiability, Boolean Modeling and Computation},
  volume={2},
  pages={1--26},
  year={2006}
}

@article{asin2011cardinality,
  title={Cardinality networks: a theoretical and empirical study},
  author={As{\'\i}n, Roberto and Nieuwenhuis, Robert and Oliveras, Albert and Rodr{\'\i}guez-Carbonell, Enric},
  journal={Constraints},
  volume={16},
  number={2},
  pages={195--221},
  year={2011},
  publisher={Springer}
}

@inproceedings{klieber2007efficient,
  title={Efficient CNF encoding for selecting 1 from n objects},
  author={Klieber, Will and Kwon, Gihwon},
  booktitle={Proc. International Workshop on Constraints in Formal Verification},
  year={2007}
}

@article{chen2010new,
  title={A new SAT encoding of the at-most-one constraint},
  author={Chen, Jingchao},
  journal={Proc. Constraint Modelling and Reformulation},
  year={2010}
}

@inproceedings{ansotegui2004mapping,
  title={Mapping problems with finite-domain variables to problems with boolean variables},
  author={Ans{\'o}tegui, Carlos and Manya, Felip},
  booktitle={International conference on theory and applications of satisfiability testing},
  pages={1--15},
  year={2004},
  organization={Springer}
}

@inproceedings{gent2004new,
  title={A new encoding of alldifferent into SAT},
  author={Gent, Ian P and Nightingale, Peter},
  booktitle={International Workshop on Modelling and Reformulating Constraint Satisfaction},
  pages={95--110},
  year={2004}
}

@incollection{frisch2006solving,
  title={Solving non-Boolean satisfiability problems with stochastic local search: A comparison of encodings},
  author={Frisch, Alan M and Peugniez, Timothy J and Doggett, Anthony J and Nightingale, Peter W},
  booktitle={SAT 2005},
  pages={143--179},
  year={2006},
  publisher={Springer}
}

@inproceedings{prestwich2007variable,
  title={Variable dependency in local search: Prevention is better than cure},
  author={Prestwich, Steven},
  booktitle={International conference on theory and applications of satisfiability testing},
  pages={107--120},
  year={2007},
  organization={Springer}
}

@inproceedings{gaspers2017turbocharging,
  title={Turbocharging treewidth heuristics},
  author={Gaspers, Serge and Gudmundsson, Joachim and Jones, Mitchell and Mestre, Juli{\'a}n and R{\"u}mmele, Stefan},
  booktitle={LIPIcs-Leibniz International Proceedings in Informatics},
  volume={63},
  year={2017},
  organization={Schloss Dagstuhl-Leibniz-Zentrum fuer Informatik}
}

@inproceedings{fichte2017sat,
  title={SAT-Based Local Improvement for Finding Tree Decompositions of Small Width},
  author={Fichte, Johannes K and Lodha, Neha and Szeider, Stefan},
  booktitle={International Conference on Theory and Applications of Satisfiability Testing},
  pages={401--411},
  year={2017},
  organization={Springer}
}

@article{chandran2005girth,
  title={Girth and treewidth},
  author={Chandran, L Sunil and Subramanian, CR},
  journal={Journal of combinatorial theory, Series B},
  volume={93},
  number={1},
  pages={23--32},
  year={2005},
  publisher={Elsevier}
}

@article{wolle2004note,
  title={A note on contraction degeneracy},
  author={Wolle, Thomas and Koster, Arie MCA and Bodlaender, Hans L},
  year={2004}
}

@article{bodlaender2011treewidth,
  title={Treewidth computations II. Lower bounds},
  author={Bodlaender, Hans L and Koster, Arie MCA},
  journal={Information and Computation},
  volume={209},
  number={7},
  pages={1103--1119},
  year={2011},
  publisher={Academic Press}
}

@article{lucena2003new,
  title={A new lower bound for tree-width using maximum cardinality search},
  author={Lucena, Brian},
  journal={SIAM Journal on Discrete Mathematics},
  volume={16},
  number={3},
  pages={345--353},
  year={2003},
  publisher={SIAM}
}

@article{bodlaender2008treewidthlower,
  title={Treewidth lower bounds with brambles},
  author={Bodlaender, Hans L and Grigoriev, Alexander and Koster, Arie MCA},
  journal={Algorithmica},
  volume={51},
  number={1},
  pages={81--98},
  year={2008},
  publisher={Springer}
}

@article{van2006computing,
  title={Computing treewidth with LibTW},
  author={van Dijk, Thomas and van den Heuvel, Jan-Pieter and Slob, Wouter},
  journal={Citeseer. http://citeseerx. ist. psu. edu/viewdoc/download},
  year={2006},
  publisher={Citeseer}
}

@article{chandran2003spectral,
  title={A spectral lower bound for the treewidth of a graph and its consequences},
  author={Chandran, L Sunil and Subramanian, CR},
  journal={Information Processing Letters},
  volume={87},
  number={4},
  pages={195--200},
  year={2003},
  publisher={Elsevier}
}

@inproceedings{cook1971complexity,
  title={The complexity of theorem-proving procedures},
  author={Cook, Stephen A},
  booktitle={Proceedings of the third annual ACM symposium on Theory of computing},
  pages={151--158},
  year={1971},
  organization={ACM}
}

@inproceedings{martins2011exploiting,
  title={Exploiting cardinality encodings in parallel maximum satisfiability},
  author={Martins, Ruben and Manquinho, Vasco and Lynce, In{\^e}s},
  booktitle={2011 23rd IEEE International Conference on Tools with Artificial Intelligence},
  pages={313--320},
  year={2011},
  organization={IEEE}
}

@inproceedings{martins2014open,
  title={Open-WBO: A modular MaxSAT solver},
  author={Martins, Ruben and Manquinho, Vasco and Lynce, In{\^e}s},
  booktitle={International Conference on Theory and Applications of Satisfiability Testing},
  pages={438--445},
  year={2014},
  organization={Springer}
}

@article{roussel2011controlling,
  title={Controlling a solver execution with the runsolver tool system description},
  author={Roussel, Olivier},
  journal={Journal on Satisfiability, Boolean Modeling and Computation},
  volume={7},
  pages={139--144},
  year={2011}
}

@article{PGL-010,
  url     = {http://dx.doi.org/10.1561/2500000010},
  year    = {2017},
  volume  = {4},
  journal = {Foundations and Trends® in Programming Languages},
  title   = {Program Synthesis},
  doi     = {10.1561/2500000010},
  issn    = {2325-1107},
  number  = {1-2},
  pages   = {1-119},
  author  = {Sumit Gulwani and Oleksandr Polozov and Rishabh Singh}
}